%YAML 1.1
%TAG !u! tag:unity3d.com,2011:
--- !u!1 &127663782895808679
GameObject:
  m_ObjectHideFlags: 0
  m_CorrespondingSourceObject: {fileID: 0}
  m_PrefabInstance: {fileID: 0}
  m_PrefabAsset: {fileID: 0}
  serializedVersion: 6
  m_Component:
  - component: {fileID: 7110346541018634364}
  - component: {fileID: 6322020921126077042}
  - component: {fileID: -7532599133772584609}
  - component: {fileID: 4306175624273832651}
  m_Layer: 0
  m_Name: Tower Projectile
  m_TagString: Untagged
  m_Icon: {fileID: 0}
  m_NavMeshLayer: 0
  m_StaticEditorFlags: 0
  m_IsActive: 1
--- !u!4 &7110346541018634364
Transform:
  m_ObjectHideFlags: 0
  m_CorrespondingSourceObject: {fileID: 0}
  m_PrefabInstance: {fileID: 0}
  m_PrefabAsset: {fileID: 0}
  m_GameObject: {fileID: 127663782895808679}
  m_LocalRotation: {x: 0, y: 0, z: 0, w: 1}
  m_LocalPosition: {x: 0, y: 0, z: 0}
  m_LocalScale: {x: 1, y: 1, z: 1}
  m_Children:
  - {fileID: 7120167242879179638}
  m_Father: {fileID: 0}
  m_RootOrder: 0
  m_LocalEulerAnglesHint: {x: 0, y: 0, z: 0}
--- !u!135 &6322020921126077042
SphereCollider:
  m_ObjectHideFlags: 0
  m_CorrespondingSourceObject: {fileID: 0}
  m_PrefabInstance: {fileID: 0}
  m_PrefabAsset: {fileID: 0}
  m_GameObject: {fileID: 127663782895808679}
  m_Material: {fileID: 0}
  m_IsTrigger: 1
  m_Enabled: 1
  serializedVersion: 2
  m_Radius: 0.5
  m_Center: {x: 0, y: 0, z: 0}
--- !u!54 &-7532599133772584609
Rigidbody:
  m_ObjectHideFlags: 0
  m_CorrespondingSourceObject: {fileID: 0}
  m_PrefabInstance: {fileID: 0}
  m_PrefabAsset: {fileID: 0}
  m_GameObject: {fileID: 127663782895808679}
  serializedVersion: 2
  m_Mass: 1
  m_Drag: 0
  m_AngularDrag: 0.05
  m_UseGravity: 0
  m_IsKinematic: 0
  m_Interpolate: 0
  m_Constraints: 0
  m_CollisionDetection: 1
--- !u!114 &4306175624273832651
MonoBehaviour:
  m_ObjectHideFlags: 0
  m_CorrespondingSourceObject: {fileID: 0}
  m_PrefabInstance: {fileID: 0}
  m_PrefabAsset: {fileID: 0}
  m_GameObject: {fileID: 127663782895808679}
  m_Enabled: 1
  m_EditorHideFlags: 0
  m_Script: {fileID: 11500000, guid: 6efb18fee7af8c64190f79fca57f9321, type: 3}
  m_Name: 
  m_EditorClassIdentifier: 
  speed: 0
--- !u!1001 &7115992853601560294
PrefabInstance:
  m_ObjectHideFlags: 0
  serializedVersion: 2
  m_Modification:
    m_TransformParent: {fileID: 7110346541018634364}
    m_Modifications:
    - target: {fileID: 1657981230171060, guid: 080168af0fb1a0f48bd653b0def3737e, type: 3}
      propertyPath: m_Name
      value: vfx_Projectile_LaserBlue
      objectReference: {fileID: 0}
    - target: {fileID: 4221773571440016, guid: 080168af0fb1a0f48bd653b0def3737e, type: 3}
      propertyPath: m_LocalPosition.x
      value: 0
      objectReference: {fileID: 0}
    - target: {fileID: 4221773571440016, guid: 080168af0fb1a0f48bd653b0def3737e, type: 3}
      propertyPath: m_LocalPosition.y
      value: 0
      objectReference: {fileID: 0}
    - target: {fileID: 4221773571440016, guid: 080168af0fb1a0f48bd653b0def3737e, type: 3}
      propertyPath: m_LocalPosition.z
      value: 0
      objectReference: {fileID: 0}
    - target: {fileID: 4221773571440016, guid: 080168af0fb1a0f48bd653b0def3737e, type: 3}
      propertyPath: m_LocalRotation.x
      value: 0
      objectReference: {fileID: 0}
    - target: {fileID: 4221773571440016, guid: 080168af0fb1a0f48bd653b0def3737e, type: 3}
      propertyPath: m_LocalRotation.y
      value: 0
      objectReference: {fileID: 0}
    - target: {fileID: 4221773571440016, guid: 080168af0fb1a0f48bd653b0def3737e, type: 3}
      propertyPath: m_LocalRotation.z
      value: 0
      objectReference: {fileID: 0}
    - target: {fileID: 4221773571440016, guid: 080168af0fb1a0f48bd653b0def3737e, type: 3}
      propertyPath: m_LocalRotation.w
      value: 1
      objectReference: {fileID: 0}
    - target: {fileID: 4221773571440016, guid: 080168af0fb1a0f48bd653b0def3737e, type: 3}
      propertyPath: m_RootOrder
      value: 0
      objectReference: {fileID: 0}
    - target: {fileID: 4221773571440016, guid: 080168af0fb1a0f48bd653b0def3737e, type: 3}
      propertyPath: m_LocalEulerAnglesHint.x
      value: 0
      objectReference: {fileID: 0}
    - target: {fileID: 4221773571440016, guid: 080168af0fb1a0f48bd653b0def3737e, type: 3}
      propertyPath: m_LocalEulerAnglesHint.y
      value: 0
      objectReference: {fileID: 0}
    - target: {fileID: 4221773571440016, guid: 080168af0fb1a0f48bd653b0def3737e, type: 3}
      propertyPath: m_LocalEulerAnglesHint.z
      value: 0
      objectReference: {fileID: 0}
    m_RemovedComponents:
    - {fileID: 114101083433431090, guid: 080168af0fb1a0f48bd653b0def3737e, type: 3}
    - {fileID: 114372073533059794, guid: 080168af0fb1a0f48bd653b0def3737e, type: 3}
    - {fileID: 65733735811122728, guid: 080168af0fb1a0f48bd653b0def3737e, type: 3}
    - {fileID: 54800842790183346, guid: 080168af0fb1a0f48bd653b0def3737e, type: 3}
  m_SourcePrefab: {fileID: 100100000, guid: 080168af0fb1a0f48bd653b0def3737e, type: 3}
--- !u!4 &7120167242879179638 stripped
Transform:
  m_CorrespondingSourceObject: {fileID: 4221773571440016, guid: 080168af0fb1a0f48bd653b0def3737e,
    type: 3}
  m_PrefabInstance: {fileID: 7115992853601560294}
  m_PrefabAsset: {fileID: 0}
